<?xml version="1.0" encoding="UTF-8"?><collection xmlns="http://www.loc.gov/MARC21/slim"><record><leader>00478nam--2200169-i-4500</leader><controlfield tag="001">000008688</controlfield><controlfield tag="002">20161230</controlfield><controlfield tag="005">20161230201027</controlfield><controlfield tag="008">060222s1000------------r-----000-0-eng-d</controlfield><datafield ind1=" " ind2=" " tag="040"><subfield code="a">IFIN-HH</subfield></datafield><datafield ind1="1" ind2=" " tag="100"><subfield code="a">Bowen, E.J</subfield></datafield><datafield ind1="1" ind2="0" tag="245"><subfield code="a">Luminescence in chemistry</subfield><subfield code="c">E.j. bowen (ed.)</subfield></datafield><datafield ind1=" " ind2=" " tag="260"><subfield code="a">Princeton</subfield><subfield code="b">D.Van Nostrand Company Ltd</subfield><subfield code="c">1968</subfield></datafield><datafield ind1=" " ind2=" " tag="300"><subfield code="a">XIV + 254 P</subfield></datafield><datafield ind1=" " ind2=" " tag="490"><subfield code="a">The Van Nostrand Series In Physical Chemistry</subfield></datafield><datafield ind1=" " ind2=" " tag="852"><subfield code="a">29723</subfield><subfield code="c">535.37</subfield></datafield><datafield ind1=" " ind2=" " tag="CAT"><subfield code="a">Sys</subfield><subfield code="c">20110413</subfield><subfield code="h">154208</subfield></datafield></record></collection>